<record><leader>01624cam a2200337Ii 45 0</leader><controlfield tag="001">6812256</controlfield><controlfield tag="003">OCoLC</controlfield><controlfield tag="005">20150721154116.0</controlfield><controlfield tag="008">150112s2015    enka     b    001 0 eng d</controlfield><datafield ind1=" " ind2=" " tag="015"><subfield code="a">GBB529765</subfield><subfield code="2">bnb</subfield></datafield><datafield ind1=" " ind2=" " tag="020"><subfield code="a">1447316274 (paperback)</subfield></datafield><datafield ind1=" " ind2=" " tag="020"><subfield code="a">9781447316275 (paperback)</subfield></datafield><datafield ind1=" " ind2=" " tag="035"><subfield code="a">ocn908273802</subfield></datafield><datafield ind1=" " ind2=" " tag="040"><subfield code="a">UKWOH</subfield><subfield code="b">eng</subfield><subfield code="e">rda</subfield><subfield code="c">UKWOH</subfield><subfield code="d">YDXCP</subfield><subfield code="d">BTCTA</subfield><subfield code="d">BDX</subfield><subfield code="d">CDX</subfield><subfield code="d">CHVBK</subfield><subfield code="d">OCLCO</subfield><subfield code="d">GZN</subfield><subfield code="d">OCLCO</subfield><subfield code="d">AFMK</subfield></datafield><datafield ind1="1" ind2="4" tag="050"><subfield code="a">H62</subfield><subfield code="b">.K37 2015</subfield></datafield><datafield ind1="0" ind2="4" tag="082"><subfield code="a">300.721</subfield><subfield code="2">23</subfield></datafield><datafield ind1=" " ind2=" " tag="090"><subfield code="a">H 62 K37 2015</subfield><subfield code="b">AFMK</subfield></datafield><datafield ind1=" " ind2=" " tag="090"><subfield code="a">H 62 K36 2015</subfield><subfield code="b">AEU</subfield></datafield><datafield ind1="1" ind2=" " tag="100"><subfield code="a">Kara, Helen,</subfield><subfield code="e">author.</subfield></datafield><datafield ind1="1" ind2="0" tag="245"><subfield code="a">Creative research methods in the social sciences :</subfield><subfield code="b">a practical guide /</subfield><subfield code="c">Helen Kara.</subfield></datafield><datafield ind1=" " ind2="1" tag="264"><subfield code="a">Bristol :</subfield><subfield code="b">Policy Press,</subfield><subfield code="c">2015.</subfield></datafield><datafield ind1=" " ind2=" " tag="300"><subfield code="a">x, 221 pages :</subfield><subfield code="b">illustrations (black and white) ;</subfield><subfield code="c">24 cm</subfield></datafield><datafield ind1=" " ind2=" " tag="336"><subfield code="a">text</subfield><subfield code="2">rdacontent</subfield></datafield><datafield ind1=" " ind2=" " tag="337"><subfield code="a">unmediated</subfield><subfield code="2">rdamedia</subfield></datafield><datafield ind1=" " ind2=" " tag="338"><subfield code="a">volume</subfield><subfield code="2">rdacarrier</subfield></datafield><datafield ind1=" " ind2=" " tag="500"><subfield code="a">This accessible book examines the four pillars of creative research methods: arts-based research, research using technology, mixed-method research and transformative research frameworks. It offers examples in practice and shows readers why, when, and how to use them in their research.</subfield></datafield><datafield ind1=" " ind2=" " tag="504"><subfield code="a">Includes bibliographical references and index.</subfield></datafield><datafield ind1=" " ind2=" " tag="596"><subfield code="a">8 43</subfield></datafield><datafield ind1=" " ind2="0" tag="650"><subfield code="a">Social sciences</subfield><subfield code="x">Research</subfield><subfield code="x">Methodology.</subfield></datafield><datafield ind1=" " ind2=" " tag="926"><subfield code="a">H 62 K37 2015</subfield><subfield code="w">LC</subfield><subfield code="c">1</subfield><subfield code="i">34917001376008</subfield><subfield code="d">3/17/2017</subfield><subfield code="e">2/7/2017</subfield><subfield code="l">ON_SHELF</subfield><subfield code="m">KEYANO</subfield><subfield code="n">1</subfield><subfield code="p">$37.95</subfield><subfield code="q">1</subfield><subfield code="r">Y</subfield><subfield code="s">Y</subfield><subfield code="t">BOOK</subfield><subfield code="u">2/25/2015</subfield><subfield code="o">.STAFF. Rec'd Jul/15 MW</subfield></datafield><datafield ind1=" " ind2=" " tag="926"><subfield code="a">H 62 K36 2015</subfield><subfield code="w">LC</subfield><subfield code="c">1</subfield><subfield code="i">0162034869899</subfield><subfield code="d">1/29/2017</subfield><subfield code="e">1/29/2017</subfield><subfield code="k">CHECKEDOUT</subfield><subfield code="l">ON_SHELF</subfield><subfield code="m">UAHSS</subfield><subfield code="n">5</subfield><subfield code="p">$150.00</subfield><subfield code="r">M</subfield><subfield code="s">Y</subfield><subfield code="t">BOOK</subfield><subfield code="u">11/10/2015</subfield><subfield code="z">COUTTS_ADD</subfield></datafield></record>